%%% Law Enforcement and Private Property %%%

@book{locke2014second,
  title={Second Treatise of Government: An Essay Concerning the True Original, Extent and End of Civil Government},
  author={Locke, John},
  year={2014},
  publisher={John Wiley \& Sons}
}




@article{benson1989enforcement,
  title={Enforcement of private property rights in primitive societies: law without government},
  author={Benson, Bruce L},
  journal={Journal of Libertarian Studies},
  volume={9},
  number={1},
  pages={1--26},
  year={1989}
}

@book{ostrom1990governing,
  title={Governing the commons: The evolution of institutions for collective action},
  author={Ostrom, Elinor},
  year={1990},
  publisher={Cambridge university press}
}



@article{demsetz1964exchange,
  title={The exchange and enforcement of property rights},
  author={Demsetz, Harold},
  journal={Journal of law and economics},
  pages={11--26},
  year={1964},
  publisher={JSTOR}
}

@book{sened1997political,
  title={The political institution of private property},
  author={Sened, Itai},
  year={1997},
  publisher={Cambridge University Press}
}

@article{heller1999boundaries,
  title={The boundaries of private property},
  author={Heller, Michael A},
  journal={Yale Law Journal},
  pages={1163--1223},
  year={1999},
  publisher={JSTOR}
}

@article{anderson1975evolution,
  title={The evolution of property rights: a study of the American West},
  author={Anderson, Terry L and Hill, Peter J},
  journal={Journal of Law and Economics},
  pages={163--179},
  year={1975},
  publisher={JSTOR}
}

@misc{landes1974private,
  title={The private enforcement of law},
  author={Landes, William M and Posner, Richard},
  year={1974},
  publisher={National Bureau of Economic Research Cambridge, Mass., USA}
}

@article{friedman1984efficient,
  title={Efficient institutions for the private enforcement of law},
  author={Friedman, David},
  journal={The Journal of Legal Studies},
  pages={379--397},
  year={1984},
  publisher={JSTOR}
}

@book{engels1978origin,
  title={The origin of the family, private property and the state},
  author={Engels, Friedrich and Morgan, Lewis Henry},
  year={1978},
  publisher={Foreign Languages Publishing House Moscow}
}




%%% Property Crime and Society Collapse %%%

@article{lynch2002culture,
  title={The culture of control: Crime and social order in contemporary society},
  author={Lynch, Mona},
  journal={PoLAR: Political and Legal Anthropology Review},
  volume={25},
  number={2},
  pages={109--112},
  year={2002},
  publisher={Wiley Online Library}
}


@article{richardson2005loss,
  title={Loss of Property Rights and the Collapse of Zimbabwe, The},
  author={Richardson, Craig J},
  journal={Cato J.},
  volume={25},
  pages={541},
  year={2005},
  publisher={HeinOnline}
}

@article{kim2005social,
  title={Social change, institutional anomie and serious property crime in transitional Russia},
  author={Kim, Sang-Weon and Pridemore, William Alex},
  journal={British Journal of Criminology},
  volume={45},
  number={1},
  pages={81--97},
  year={2005},
  publisher={CCJS}
}

@article{milliken2002state,
  title={State failure, state collapse, and state reconstruction: concepts, lessons and strategies},
  author={Milliken, Jennifer and Krause, Keith},
  journal={Development and change},
  volume={33},
  number={5},
  pages={753--774},
  year={2002}
}


%%% Right to Privacy %%%

@article{warren1890right,
  title={The right to privacy},
  author={Warren, Samuel D and Brandeis, Louis D},
  journal={Harvard law review},
  pages={193--220},
  year={1890},
  publisher={JSTOR}
}

%%% Public Good Games %%%

@article{axelrod1981evolution,
  title={The evolution of cooperation},
  author={Axelrod, Robert and Hamilton, William Donald},
  journal={Science},
  volume={211},
  number={4489},
  pages={1390--1396},
  year={1981},
  publisher={American Association for the Advancement of Science}
}

@article{nowak2006five,
  title={Five rules for the evolution of cooperation},
  author={Nowak, Martin A},
  journal={science},
  volume={314},
  number={5805},
  pages={1560--1563},
  year={2006},
  publisher={American Association for the Advancement of Science}
}


@article{epstein1998zones,
  title={Zones of cooperation in demographic prisoner's dilemma},
  author={Epstein, Joshua M and others},
  journal={Complexity},
  volume={4},
  number={2},
  pages={36--48},
  year={1998},
  publisher={Citeseer}
}


@article{traulsen2006evolution,
  title={Evolution of cooperation by multilevel selection},
  author={Traulsen, Arne and Nowak, Martin A},
  journal={Proceedings of the National Academy of Sciences},
  volume={103},
  number={29},
  pages={10952--10955},
  year={2006},
  publisher={National Acad Sciences}
}

@article{fehr2002altruistic,
  title={Altruistic punishment in humans},
  author={Fehr, Ernst and G{\"a}chter, Simon},
  journal={Nature},
  volume={415},
  number={6868},
  pages={137--140},
  year={2002},
  publisher={Nature Publishing Group}
}

@article{boyd2003evolution,
  title={The evolution of altruistic punishment},
  author={Boyd, Robert and Gintis, Herbert and Bowles, Samuel and Richerson, Peter J},
  journal={Proceedings of the National Academy of Sciences},
  volume={100},
  number={6},
  pages={3531--3535},
  year={2003},
  publisher={National Acad Sciences}
}

@article{nowak1992evolutionary,
  title={Evolutionary games and spatial chaos},
  author={Nowak, Martin A and May, Robert M},
  journal={Nature},
  volume={359},
  number={6398},
  pages={826--829},
  year={1992}
}


@article{szabo2002phase,
  title={Phase transitions and volunteering in spatial public goods games},
  author={Szab{\'o}, Gy{\"o}rgy and Hauert, Christoph},
  journal={Physical Review Letters},
  volume={89},
  number={11},
  pages={118101},
  year={2002},
  publisher={APS}
}

@article{hauert2004spatial,
  title={Spatial structure often inhibits the evolution of cooperation in the snowdrift game},
  author={Hauert, Christoph and Doebeli, Michael},
  journal={Nature},
  volume={428},
  number={6983},
  pages={643--646},
  year={2004},
  publisher={Nature Publishing Group}
}

@article{vainstein2007does,
  title={Does mobility decrease cooperation?},
  author={Vainstein, Mendeli H and Silva, Ana TC and Arenzon, Jeferson J},
  journal={Journal of Theoretical Biology},
  volume={244},
  number={4},
  pages={722--728},
  year={2007},
  publisher={Elsevier}
}

@article{vainstein2001disordered,
  title={Disordered environments in spatial games},
  author={Vainstein, Mendeli H and Arenzon, Jeferson J},
  journal={Physical Review E},
  volume={64},
  number={5},
  pages={051905},
  year={2001},
  publisher={APS}
}



@article{helbing2009outbreak,
  title={The outbreak of cooperation among success-driven individuals under noisy conditions},
  author={Helbing, Dirk and Yu, Wenjian},
  journal={Proceedings of the National Academy of Sciences},
  volume={106},
  number={10},
  pages={3680--3685},
  year={2009},
  publisher={National Acad Sciences}
}


@article{acquisti2013privacy,
  title={What is privacy worth?},
  author={Acquisti, Alessandro and John, Leslie K and Loewenstein, George},
  journal={The Journal of Legal Studies},
  volume={42},
  number={2},
  pages={249--274},
  year={2013},
  publisher={JSTOR}
}

@article{johnsongovernment,
  title={Government Surveillance and Incentives to Abuse Power},
  author={Johnson, Paul Laskowski Benjamin and Maillart, Thomas and Chuang, John}
}


